@BOOK{spacecats:1,
AUTHOR="Rafael Alcalde Azpiazu",
TITLE="Space Cats: Documento de diseño del videojuego",
}

@BOOK{spacecats:2,
	AUTHOR="Rafael Alcalde Azpiazu",
	TITLE="Space Cats: Documento de análisis y desarrollo del videojuego",
}

@BOOK{spacecats:3,
	AUTHOR="Rafael Alcalde Azpiazu",
	TITLE="Space Cats: Diseño de la historia del videojuego",
}